<?xml version="1.0" encoding="UTF-8"?><collection xmlns="http://www.loc.gov/MARC21/slim"><record><leader>00290nam--2200121-i-4500</leader><controlfield tag="001">000006921</controlfield><controlfield tag="002">20161230</controlfield><controlfield tag="005">20161230201027</controlfield><controlfield tag="008">060222s1000------------r-----000-0-eng-d</controlfield><datafield ind1=" " ind2=" " tag="245"><subfield code="a">Transistor manual</subfield></datafield><datafield ind1=" " ind2=" " tag="260"><subfield code="a">New York, General Electric Co., 1964</subfield></datafield><datafield ind1=" " ind2=" " tag="490"><subfield code="a">X + 648 P</subfield></datafield><datafield ind1=" " ind2=" " tag="700"><subfield code="a">Cleary, J.F</subfield></datafield></record></collection>